@Inbook{ref1,
editor="Swamidass, P. M.",
title="Assignable causes, of variabilityASSIGNABLE CAUSES OF VARIATIONS",
bookTitle="Encyclopedia of Production and Manufacturing Management",
year="2000",
publisher="Springer US",
address="Boston, MA",
pages="50--50",
isbn="978-1-4020-0612-8",
doi="10.1007/1-4020-0612-8_57",
url="https://doi.org/10.1007/1-4020-0612-8_57"
}

