@article{1,
author={Anaconda},
title={Anaconda 5.3 For Windows Installer},
journal={Anaconda, Inc. All Rights Reserved, \url{https://www.anaconda.com/download/}},
year={2018},
month={04},
number={},
volume={},
pages={},
note={}},


@article{2,
author={Benito van der Zander, Jan Sundermeyer, Daniel Braun, 
        Tim Hoffmann (TeXstudio), Pascal Brachet (Texmaker), 
        Luc Buant (QCodeEdit), Joel Amblard (html conversion)},
title={TextStudio 2.12.10},
journal={Source Forge, \url{https://www.texstudio.org/}},
year={2018},
month={},
number={},
volume={},
pages={},
note={download from \url{https://sourceforge.net/projects/texstudio/}}},


@article{3,
author={Burovski, Evgeni, Matthew Brett, pv (avatar), Ralf Gommers, 
        rkern, Travis Oliphant, Tyler reddy },
title={Scipy 1.1.0},
journal={Scipy Developrs. Created using Sphinx 1.6.6 
             \url{http://www.sphinx-doc.org/en/master/}, 
             \url{https://pypi.org/project/scipy/}},
year={2018},
month={},
number={},
volume={},
pages={},
note={download from \url{https://pypi.org/project/scipy/\#files}}},

@article{4,
author={Engelhardt, Mike},
title={LTspice XVII(x64)},
journal={Analog Devices. \url{https://www.analog.com/en/design-center/design-tools-and-calculators/ltspice-simulator.html}},
year={2018},
month={},
number={},
volume={},
pages={},
note={Linear Technology Corporation is now part of Analog Devices}},
 
@article{5,
author={Enthought},
title={Enthought Python Distribution},
journal={Enthought Inc. All Rights Reserved, \url{https://www.enthought.com/product/canopy/} },
year={2018},
month={},
number={},
volume={},
pages={},
note={download from 
\url{https://www.enthought.com/product/enthought-python-distribution/}}},

     

@article{6,
author={Fritzson, Peter (OSMC Director), Arian Pop (OSMC Technical 
             Coordinator)},
title={Open Modelica},
journal={Linkpings universitet, Department of Computer and Information 
             Science, SE-58183 Linkping, Sweden. All rights reserved.
             \url{https=//openmodelica.org/, 
             \url{https://www.openmodelica.org/home/contact-us} }},
year={2018},
month={},
number={},
volume={},
pages={},
note={The OpenModelica software and the OSMC (Open Source Modelica 
             Consortium) Public License (OSMC-PL) are obtained from 
             Linkpings universitet, either from the above address, 
             from the \url{http=//www.ida.liu.se/projects/OpenModelica}, 
             and in the OpenModelica distribution.}},

      
@article{7,
author={Gonzales, Guillermo},
title={Foundations of Oscillator Circuit Design},
journal={Artech House, Inc.},
year={2007},
month={},
number={},
volume={},
pages={116 to 117},
note={}},


@article{8,
author={Haldane, Allan, cdavid, certik, Charles R. Harris,
             Jarrod Milman, jtaylor, Mathew Brett, Matti Picus, 
             Ralf Gommers, rkern, Travis Oliphant},
title={Numpy 1.15.4},
journal={Numpy Developrs. Created using Sphinx 1.6.6 
             \\url{http=//www.sphinx-doc.org/en/master/}},
year={2018},
month={},
number={},
volume={},
pages={},
note={download from \url{https://pypi.org/project/numpy/\#files}}},

@article{9,
author={Hunter, John, Darren Dale, Eric Firing, Michael Droettboom },
title={MatPlotLib},
journal={MatPlotLIb Development Team},
year={2002-2012, 2012-2018},
month={},
number={},
volume={},
pages={},
note={download from \url{https=//matplotlib.org/}}},
 

@article{10,
author={Knuth, Donald},
title={MikTex},
journal={Chrisstian Schenk. \url{https=//miktex.org/}},
year={2018},
month={},
number={},
volume={},
pages={},
note={}},


@article{11,
author={Python Packaging Authority },
title={Python Package Index},
journal={Python Software Foundation, \url{https=//pypi.org/}},
year={2014},
month={},
number={},
volume={},
pages={},
note={The Python Packaging Authority (PyPA) is a working group that 
             maintains many of the relevant projects in Python packaging.
             download from \url{https=//www.pypa.io/en/latest/}}},
     
@article{12,
author={Raybaut, Pierre},
title={Spyder 3.2.8, The Sicentific PYthon Development EnviRonment},
journal={The Spyder Project Contributors, Licensed under the terms of
             the MIT License},
year={2018},
month={},
number={},
volume={},
pages={},
note={Download from \url{https=//github.com/spyder-ide/spyder}}},

@article{13,
author={Raybaut, Pierre, Gabi Dvar (Maintainer)},
title={Python(x,y)-2.7/10.0.exe},
journal={GitHub, \url{https=//github.com/} },
year={2008,2015},
month={},
number={},
volume={},
pages={},
note={History=Python(x, y) was concieved, developed and maintained 
             by Pierre Raybaut since 2008 with the above goals. Gabi Davar 
             joined the project as a maintainer since 2011. Pierre moved to 
             work on other projects since 2013 leaving Gabi as the primary 
             maintainer.}},

@article{14,
author={Rossum, Guido van},
title={Python 3.6.5},
journal={Python Software Foundation. \url{https=//www.python.org/}},
year={2018},
month={},
number={},
volume={},
pages={},
note={}},
 
@article{15,
author={Raphael Auphan, Puslishing Director, Scilab Team},
title={Scilab-6.0.1},
journal={ESI Group, \url{http=//scilab.io/}, \url{http=//scilab.io/legal-notice/}},
year={2018},
month={},
number={},
volume={},
pages={},
note={Scilab is a free and open source software for engineers \& 
             scientists, with a long history (first release in 1994) 
             and a growing community (100 000 downloads every months 
             worldwide). \url{http=//scilab.io/about/open-source/}}},


@article{16,
author={Sympy Development Team},
title={SymPy 1.3},
journal={Github. \url{https=//github.com/sympy/sympy}},
year={2018},
month={},
number={},
volume={},
pages={},
note={}},

@article{17,
author={UWE Bristor},
title={Lecture 5= Block Diagrams and Steady State Errors},
journal={University of the West of England, Bristol},
year={2017},
month={},
number={},
volume={},
pages={},
note={Download at \url{http://www.cems.uwe.ac.uk/~bw-drew/CSE_Lecture_5-UWE.pdf}}},

@article{18,
author={Kreyszig, Erwin, Herbert Kreyszig, Edward J. Norminton},
title={Advance Engineering Mathematics},
journal={John Wiley \& Sons},
year={2011, 2006, 1999},
month={},
number={ISBN 978-0-470-45836-5},
volume={},
pages={486-490},
note={}}
 
@article{19,
author={Alexander, Charles, Mathew Sadiku},
title={Fundamentals of Electric Circuits, 5th Ed},
journal={McGraw-Hill Companies},
year={2009 2007, 2004},
month={},
number={ISBN 978-0-07-338057-5},
volume={},
pages={486-490},
note={}}   

@article{20,
author={Sympy Development Team},
title={SymPy Documentation},
journal={\url{https://github.com/sympy/sympy/releases}},
year={2017},
month={Jul},
number={},
volume={},
pages={1117},
note={\url{https://docs.sympy.org/latest/modules/stats.html#sympy.stats.Normal}}},


@article{21,
author={Sig Sigma Daily},
title={DPMO to Sigma Level Relationship},
journal={Copyright© 2019 Bisk. All rights reserved},
year={2019},
month={Mar},
number={},
page={\url{https://www.sixsigmadaily.com/dpmo-to-sigma-level-relationship/}},
note={}}


@article{22,
author={Statistics How To},
title={Central Limit Theorem},
journal={Copyright ©2019 Statistics How To | Theme by: Theme Horse | Powered by: WordPress},
year={2019},
month={Mar},
number={},
page={\url{https://www.sixsigmadaily.com/dpmo-to-sigma-level-relationship/}},
note={}}

@article{23,
author={International Datayzer},
title={What is SPC},
journal={2015 © DATALYZER, All rights reserved},
year={2019},
month={Mar},
number={},
page={\url{https://www.datalyzer.com/knowledge/spc/}},
note={}}

@Inbook{24,
editor="Swamidass, P. M.",
title="Assignable causes, of variability ASSIGNABLE CAUSES OF VARIATIONS",
bookTitle="Encyclopedia of Production and Manufacturing Management",
year="2000",
publisher="Springer US",
address="Boston, MA",
pages="50--50",
isbn="978-1-4020-0612-8",
doi="10.1007/1-4020-0612-8_57",
url="https://doi.org/10.1007/1-4020-0612-8_57"
}


